<record><leader>00000cas a22000007a 4500</leader><controlfield tag="001">22693226</controlfield><controlfield tag="008">901115d18781879nyudn ne      0    0eng d</controlfield><datafield ind1=" " ind2=" " tag="010"><subfield code="a">sn 90066570 </subfield></datafield><datafield ind1=" " ind2=" " tag="040"><subfield code="a">NYS</subfield><subfield code="b">eng</subfield><subfield code="c">NYS</subfield><subfield code="d">OCLCQ</subfield></datafield><datafield ind1=" " ind2=" " tag="042"><subfield code="a">msc</subfield></datafield><datafield ind1="0" ind2="0" tag="245"><subfield code="a">Binghamton morning Republican.</subfield></datafield><datafield ind1="3" ind2="0" tag="246"><subfield code="a">Morning Republican</subfield></datafield><datafield ind1="3" ind2="0" tag="246"><subfield code="a">Binghamton Saturday morning Republican</subfield></datafield><datafield ind1=" " ind2=" " tag="260"><subfield code="a">Binghamton, N.Y. :</subfield><subfield code="b">Republican Print. Co.</subfield></datafield><datafield ind1=" " ind2=" " tag="300"><subfield code="a">v.</subfield></datafield><datafield ind1=" " ind2=" " tag="310"><subfield code="a">Daily (except Sunday)</subfield></datafield><datafield ind1="1" ind2=" " tag="362"><subfield code="a">Began with July 9, 1878 issue?</subfield></datafield><datafield ind1="0" ind2=" " tag="362"><subfield code="a">-June 4, 1879.</subfield></datafield><datafield ind1=" " ind2=" " tag="500"><subfield code="a">"Morning" appears below masthead ornament.</subfield></datafield><datafield ind1=" " ind2=" " tag="500"><subfield code="a">Published on Saturdays as: Binghamton Saturday morning Republican, July 13, 1878-Dec. 7, 1878.</subfield></datafield><datafield ind1=" " ind2=" " tag="588"><subfield code="a">Description based on: July 9, 1878.</subfield></datafield><datafield ind1=" " ind2="4" tag="651"><subfield code="a">Binghamton (N.Y.)</subfield><subfield code="v">Newspapers.</subfield></datafield><datafield ind1=" " ind2=" " tag="752"><subfield code="a">United States</subfield><subfield code="b">New York</subfield><subfield code="c">Broome</subfield><subfield code="d">Binghamton.</subfield></datafield><datafield ind1="0" ind2="0" tag="780"><subfield code="t">Binghamton Republican and morning times</subfield><subfield code="w">(DLC)sn 90066569</subfield><subfield code="w">(OCoLC)22712542</subfield></datafield><datafield ind1="0" ind2="0" tag="785"><subfield code="t">Binghamton daily Republican (Binghamton, N.Y. : 1879)</subfield><subfield code="w">(DLC)sn 90066561</subfield><subfield code="w">(OCoLC)22693327</subfield></datafield><datafield ind1="1" ind2=" " tag="029"><subfield code="a">AU@</subfield><subfield code="b">000025870752</subfield></datafield></record>